
@inproceedings{ying_xing_dynamic_2005,
	address = {Tokyo, Japan},
	title = {Dynamic {Load} {Distribution} in the {Borealis} {Stream} {Processor}},
	isbn = {978-0-7695-2285-2},
	url = {http://ieeexplore.ieee.org/document/1410193/},
	doi = {10.1109/ICDE.2005.53},
	abstract = {Distributed and parallel computing environments are becoming cheap and commonplace. The availability of large numbers of CPUâ€™s makes it possible to process more data at higher speeds. Stream-processing systems are also becoming more important, as broad classes of applications require results in real-time.},
	language = {en},
	urldate = {2018-10-13},
	booktitle = {21st {International} {Conference} on {Data} {Engineering} ({ICDE}'05)},
	publisher = {IEEE},
	author = {{Ying Xing} and Zdonik, S. and {Jeong-Hyon Hwang}},
	year = {2005},
	pages = {791--802},
	file = {Ying Xing et al. - 2005 - Dynamic Load Distribution in the Borealis Stream P.pdf:C\:\\Users\\Beni\\Zotero\\storage\\ZPVISM3U\\Ying Xing et al. - 2005 - Dynamic Load Distribution in the Borealis Stream P.pdf:application/pdf}
}